@misc{WindowsInternals,
	author = {Mark Russinovich, David A. Solomon, Alex Lonescu},
	title = {Windows Internals Part 1},
	howpublished = {Microsoft Press},
	month = {},
	year = {2012},
	note = {(Accessed on 5/9/2018)}
}

@misc{LinuxKernelDevelopment,
	author = {Robert Love},
	title = {Linux Kernel Development},
	howpublished = {Pearson Education},
	month = {},
	year = {2010},
	note = {(Accessed on 5/9/2018)}
}

@misc{FreeBSD,
	author = {Marshall Kirk Mckusick, George V. Neville-Neil, Rovert N.M. Watson},
	title = {The Design and Implementation of the FreeBSD Operating System},
	howpublished = {pearson Education},
	month = {},
	year = {2015},
	note = {(Accessed on 5/9/2018)}
}
	
	
